
@article{quandt_new_1972,
	title = {A {New} {Approach} to {Estimating} {Switching} {Regressions}},
	volume = {67},
	number = {338},
	journal = {Journal of the American Statistical Association},
	author = {Quandt, Richard E.},
	year = {1972},
	pages = {306--310},
	file = {Full Text:/Users/jorge/Box/papers/storage/NG5RVM5N/Quandt - 1972 - A new approach to estimating switching regressions.pdf:application/pdf;Snapshot:/Users/jorge/Box/papers/storage/6H6GTD83/01621459.1972.html:text/html}
}

@article{neal_role_1996,
	title = {The {Role} of {Pre}-market {Factors} in {Black}-{White} {Wage} {Differences}},
	volume = {104},
	number = {5},
	journal = {Journal of political Economy},
	author = {Neal, Derek A. and Johnson, William R.},
	year = {1996},
	pages = {869--895},
	file = {Full Text:/Users/jorge/Box/papers/storage/3CYBTM57/Neal and Johnson - 1996 - The role of premarket factors in black-white wage .pdf:application/pdf;Snapshot:/Users/jorge/Box/papers/storage/R2HT98W5/262045.html:text/html}
}

@article{heckman_effect_2010,
	title = {The {Effect} of {Prayer} on {God}â€™s {Attitude} toward {Mankind}},
	volume = {48},
	number = {1},
	journal = {Economic Inquiry},
	author = {Heckman, James},
	year = {2010},
	pages = {234--235},
	file = {Snapshot:/Users/jorge/Box/papers/storage/X2EV8MJE/j.1465-7295.2009.00224.html:text/html}
}