
@article{goodman-bacon_difference--differences_2018,
  title={{Difference-in-differences with Variation in Treatment Timing}},
  author={Goodman-Bacon, Andrew},
  journal={Journal of econometrics},
  volume={225},
  number={2},
  pages={254--277},
  year={2021}
}

@article{quandt_new_1972,
	title = {A {New} {Approach} to {Estimating} {Switching} {Regressions}},
	volume = {67},
	number = {338},
	journal = {Journal of the American Statistical Association},
	author = {Quandt, Richard E.},
	year = {1972},
	pages = {306--310},
	file = {Full Text:/Users/jorge/Box/papers/storage/NG5RVM5N/Quandt - 1972 - A new approach to estimating switching regressions.pdf:application/pdf;Snapshot:/Users/jorge/Box/papers/storage/6H6GTD83/01621459.1972.html:text/html}
}

@article{athey_identification_2006,
	title = {Identification and {Inference} in {Non}-linear {Difference}-in-{Differences} {Models}},
	volume = {74},
	number = {2},
	journal = {Econometrica},
	author = {Athey, Susan and Imbens, Guido W.},
	year = {2006},
	pages = {431--497},
	file = {Snapshot:/Users/jorge/Box/papers/storage/YL5V9A4F/j.1468-0262.2006.00668.html:text/html}
}

@article{bertrand_how_2004,
	title = {How {Much} {Should} {We} {Trust} {Differences}-in-differences {Estimates}?},
	volume = {119},
	number = {1},
	journal = {Quarterly Journal of Economics},
	author = {Bertrand, Marianne and Duflo, Esther and Mullainathan, Sendhil},
	year = {2004},
	pages = {249--275},
	file = {Full Text:/Users/jorge/Box/papers/storage/P7PHXMCT/Bertrand et al. - 2004 - How much should we trust differences-in-difference.pdf:application/pdf;Snapshot:/Users/jorge/Box/papers/storage/DPWBS7H6/1876068.html:text/html}
}

@article{kellogg_combining_2020,
	title = {Combining {Matching} and {Synthetic} {Controls} to {Trade} off {Biases} from {Extrapolation} and {Interpolation}},
  author={Kellogg, Maxwell and Mogstad, Magne and Pouliot, Guillaume A and Torgovitsky, Alexander},
  journal={Journal of the American Statistical Association},
  volume={116},
  number={536},
  pages={1804--1816},
  year={2021}
}