
@article{abraham_estimating_2018,
	title = {Estimating {Dynamic} {Treatment} {Effects} in {Event} {Studies} with {Heterogeneous} {Treatment} {Effects}},
	journal = {Available at SSRN 3158747},
	author = {Abraham, Sarah and Sun, Liyang},
	year = {2018},
	file = {Abraham and Sun - 2018 - Estimating dynamic treatment effects in event stud.pdf:/Users/jorge/Zotero/storage/4WHH5BB4/Abraham and Sun - 2018 - Estimating dynamic treatment effects in event stud.pdf:application/pdf}
}